<record xmlns='http://www.loc.gov/MARC21/slim'><leader>02507cam a2200433 a 4500</leader><controlfield tag='001'>4157458</controlfield><controlfield tag='005'>20171214151243.0</controlfield><controlfield tag='007'>he bmb---bbca</controlfield><controlfield tag='008'>010305s2001    dcu     b    f000 0 eng c</controlfield><datafield ind1=' ' ind2=' ' tag='035'><subfield code='a'>(OCoLC)46368408</subfield></datafield><datafield ind1=' ' ind2=' ' tag='035'><subfield code='a'>4157458</subfield></datafield><datafield ind1=' ' ind2=' ' tag='040'><subfield code='a'>GPO</subfield><subfield code='b'>eng</subfield></datafield><datafield ind1=' ' ind2=' ' tag='042'><subfield code='a'>pcc</subfield></datafield><datafield ind1=' ' ind2=' ' tag='074'><subfield code='a'>0996-A</subfield></datafield><datafield ind1=' ' ind2=' ' tag='074'><subfield code='a'>0996-A (online)</subfield></datafield><datafield ind1=' ' ind2=' ' tag='074'><subfield code='a'>0996-B (MF)</subfield></datafield><datafield ind1=' ' ind2=' ' tag='074'><subfield code='a'>0996-B (online)</subfield></datafield><datafield ind1='0' ind2=' ' tag='086'><subfield code='a'>Y 1.1/4:107-2</subfield></datafield><datafield ind1=' ' ind2=' ' tag='091'><subfield code='a'>mfm</subfield></datafield><datafield ind1='0' ind2=' ' tag='130'><subfield code='a'>Convention on the Establishment of an Inter-American Tropical Tuna Commission</subfield><subfield code='d'>(1949).</subfield><subfield code='k'>Protocols, etc.,</subfield><subfield code='d'>1999 June 11.</subfield></datafield><datafield ind1='1' ind2='0' tag='245'><subfield code='a'>Protocol amending 1949 Convention of Inter-American Tropical Tuna Commission</subfield><subfield code='h'>[microform] :</subfield><subfield code='b'>message from the President of the United States transmitting protocol to amend the 1949 Convention on the Establishment of an Inter-American Tropical Tuna Commission, done at Guayaquil, June 11, 1999, and signed by the United States, subject to ratification, in Guayaquil, Ecuador, on the same date.</subfield></datafield><datafield ind1=' ' ind2=' ' tag='260'><subfield code='a'>Washington :</subfield><subfield code='b'>U.S. G.P.O.,</subfield><subfield code='c'>2001.</subfield></datafield><datafield ind1=' ' ind2=' ' tag='300'><subfield code='a'>vii, 10 p. ;</subfield><subfield code='c'>23 cm.</subfield></datafield><datafield ind1='1' ind2=' ' tag='490'><subfield code='a'>Treaty doc. ;</subfield><subfield code='v'>107-2</subfield></datafield><datafield ind1=' ' ind2=' ' tag='500'><subfield code='a'>At head of title: 107th Congress, 1st session. Senate.</subfield></datafield><datafield ind1=' ' ind2=' ' tag='500'><subfield code='a'>&quot;Referred to the Committee on Foreign Relations.&quot;</subfield></datafield><datafield ind1=' ' ind2=' ' tag='500'><subfield code='a'>Distributed to some depository libraries in microfiche.</subfield></datafield><datafield ind1=' ' ind2=' ' tag='500'><subfield code='a'>Shipping list no.: 2001-0113-P.</subfield></datafield><datafield ind1=' ' ind2=' ' tag='500'><subfield code='a'>&quot;January 8, 2001.&quot;</subfield></datafield><datafield ind1=' ' ind2=' ' tag='530'><subfield code='a'>Also available via Internet from the GPO Access web site. Addresses as of 3/1/01: http://frwebgate.access.gpo.gov/cgi-bin/useftp.cgi?IPaddress=162.140.64.21&amp;filename=td002.107&amp;directory=/diskb/wais/data/107c̲ongd̲ocuments (text version), http://frwebgate.access.gpo.gov/cgi-bin/useftp.cgi?IPaddress=162.140.64.21&amp;filename=td002.pdf&amp;directory=/diskb/wais/data/107c̲ongd̲ocuments (PDF version); current access is available via PURLs.</subfield></datafield><datafield ind1='2' ind2='0' tag='610'><subfield code='a'>Inter-American Tropical Tuna Commission</subfield><subfield code='x'>Membership.</subfield></datafield><datafield ind1=' ' ind2='0' tag='650'><subfield code='a'>Tuna fisheries</subfield><subfield code='x'>Law and legislation.</subfield></datafield><datafield ind1='1' ind2=' ' tag='710'><subfield code='a'>United States.</subfield><subfield code='b'>President (1993-2001 : Clinton)</subfield></datafield><datafield ind1='1' ind2=' ' tag='710'><subfield code='a'>United States.</subfield><subfield code='b'>Congress.</subfield><subfield code='b'>Senate.</subfield><subfield code='b'>Committee on Foreign Relations.</subfield></datafield><datafield ind1='1' ind2=' ' tag='710'><subfield code='a'>United States.</subfield><subfield code='t'>Convention on the Establishment of an Inter-American Tropical Tuna Commission</subfield><subfield code='d'>(1949).</subfield><subfield code='k'>Protocols, etc.,</subfield><subfield code='d'>1999 June 11.</subfield></datafield><datafield ind1=' ' ind2='0' tag='830'><subfield code='a'>Treaty doc. ;</subfield><subfield code='v'>107-2.</subfield></datafield><datafield ind1='4' ind2='1' tag='856'><subfield code='3'>Text version:</subfield><subfield code='u'>http://purl.access.gpo.gov/GPO/LPS9877</subfield></datafield><datafield ind1='4' ind2='1' tag='856'><subfield code='3'>PDF version:</subfield><subfield code='u'>http://purl.access.gpo.gov/GPO/LPS9878</subfield><subfield code='z'>Adobe Acrobat Reader required</subfield></datafield><datafield ind1=' ' ind2=' ' tag='984'><subfield code='a'>ANL</subfield><subfield code='c'>mc SUDOC Y 1.1/4:107-2</subfield></datafield></record>